
@misc{sample,
  title = {{Sample Test} },
  howpublished = {\url{http://sample.pdf}},
  note = {Accessed: 2014-11-07}
}

@misc{kerberos,
  title = {{Kerberos - Homepage} },
  howpublished = {\url{http://web.mit.edu/kerberos/}},
  note = {Accessed: 2014-11-07}
}